@Comment А вот так оформляется библиография при помощи BibTeX.

@Book{Pup09,
  author =		 {Василий Пупкин and Эйнштейн, А.},
  title = 		 {\LaTeX для <<чайников>>},
  publisher = 	 {М.},
  pagetotal = {299},
  year = 		 {2009},
  language =     "russian"
}

@online{wiki:latex,
  author = {Wikipedia},
  title = {Типографика "--- Википедия},
  year = {2012},
  url = {https://ru.wikipedia.org/wiki/%D0%A2%D0%B8%D0%BF%D0%BE%D0%B3%D1%80%D0%B0%D1%84%D0%B8%D0%BA%D0%B0},
  urldate = {25.01.2012},
  language =     "russian"
}

@book{ptak_schragenheim_2004, 
place={Boca Raton}, 
title={ERP: tools, techniques, and applications for integrating the supply chain}, 
publisher={St. Lucie Press}, 
author={Ptak, Carol A. and Schragenheim, Eli}, 
year={2004},
language = "english"
}

@Book{Mrp,
  author =		 {Гаврилов Д.А.},
  title = 		 {Управление производством на базе стандарта MRP II.},
  publisher = 	 {Спб Питер},
  pagetotal = {416},
  year = 		 {2003},
  language =     "russian"
}

@article{Sury,
author = {J. SURY, R},
year = {1971},
month = {01},
pages = {501-512},
title = {Aspects of assembly line balancing},
volume = {9},
journal = {THE INTERNATIONAL JOURNAL OF PRODUCTION RESEARCH},
doi = {10.1080/00207547108929898},
language = "english"
}

@article{Baybars,
author = {Baybars, Ilker},
year = {1986},
month = {08},
pages = {909-932},
title = {A Survey of Exact Algorithms for the Simple Assembly Line Balancing Problem},
volume = {32},
journal = {Management Science},
doi = {10.1287/mnsc.32.8.909},
language = "english"
}

@article{Helgeson,
author = {Helgeson, W.B. and Birnie, D.P.},
year = {1961},
pages = {394-398},
title = {Assembly Line Balancing Using the Ranked Positional Weighting Technique.},
volume = {12},
journal = {Journal of Industrial Engineering},
language = "english"
}

@article{Salveson,
author = {Salveson, M.E.},
year = {1955},
month = {01},
pages = {18-25},
title = {The assembly line balancing problem},
volume = {6},
journal = {Journal of Industrial Engineering},
language = "english"
}

@article{Gutjahr,
author = {L. Gutjahr, Allan and Nemhauser, George},
year = {1964},
month = {11},
pages = {308-315},
title = {An Algorithm for the Line Balancing Problem},
volume = {11},
journal = {Management Science},
doi = {10.1287/mnsc.11.2.308},
language = "english"
}

@Book{Lenin,
  author =		 {Разумов, И.М. and Степанов, А.П. and Смирнов, С.В.},
  title = 		 {Научная организация и нормирование труда в машиностроении},
  publisher = 	 {Учебник для вузов. — М.: Машиностроение},
  pagetotal = {416},
  year = 		 {1975},
  language =     "russian"
}